<record>
  <leader>02141nem a2200265 a 4500</leader>
  <controlfield tag="001">991000096459702696</controlfield>
  <controlfield tag="005">20170202120802.0</controlfield>
  <controlfield tag="008">051118s1862    xx            001 0 eng u</controlfield>
  <datafield tag="035" ind1=" " ind2=" ">
    <subfield code="a">(IL-JeALB)10246-972ai_inst</subfield>
  </datafield>
  <datafield tag="035" ind1=" " ind2=" ">
    <subfield code="a">10246</subfield>
    <subfield code="9">ExL</subfield>
  </datafield>
  <datafield tag="035" ind1=" " ind2=" ">
    <subfield code="a">map00000044</subfield>
  </datafield>
  <datafield tag="100" ind1="1" ind2=" ">
    <subfield code="a">Gelis</subfield>
    <subfield code="c">, Capitaine d'Etat Major</subfield>
  </datafield>
  <datafield tag="245" ind1="1" ind2="0">
    <subfield code="a">Carte du Liban d'après les reconnaissances de la Brigade topographique du Corps expéditionnaire de Syrie en 1860-1861, dressée au Dépôt de la Guerre par le Capitaine d'État-Major Gelis sous le ministère de S. E. le Maréchal Comte Randon.</subfield>
    <subfield code="h">[map]</subfield>
  </datafield>
  <datafield tag="255" ind1=" " ind2=" ">
    <subfield code="a">Scale 1:200,000.</subfield>
  </datafield>
  <datafield tag="260" ind1=" " ind2=" ">
    <subfield code="a">Paris :</subfield>
    <subfield code="b">Depot de la Guerre,</subfield>
    <subfield code="c">1862, corr. 1919.</subfield>
  </datafield>
  <datafield tag="300" ind1=" " ind2=" ">
    <subfield code="a">1 map on 1 sheet ;</subfield>
    <subfield code="c">92 x 70 cm. on sheet 108 x 66 cm.</subfield>
  </datafield>
  <datafield tag="500" ind1=" " ind2=" ">
    <subfield code="a">This map may be connected with the massacres in Syria and Lebanon in the 1860s.</subfield>
  </datafield>
  <datafield tag="506" ind1=" " ind2=" ">
    <subfield code="a">May require conservation work before use.</subfield>
  </datafield>
  <datafield tag="546" ind1=" " ind2=" ">
    <subfield code="a">French.</subfield>
  </datafield>
  <datafield tag="581" ind1=" " ind2=" ">
    <subfield code="3">Reviewed in: Annales de Géographie, vol. 23-24, no.131, 1914, p. 335336:</subfield>
    <subfield code="a">'Pour l'uvre topographique du Corps expéditionnaire de Syrie, voir : C. Maunoir, Rapport sur la carte du Liban publiée par le Dépôt de la Guerre (B. S G., 5* sér., IV, 1862, p. 263-269). Si les chemins de fer ont été mis au courant, à la date de 1913, on n'a pas modifié le «Tableau statistique indiquant la population des Districts du Liban» qui figure dans le coin inférieur droit de la feuille. Le Nouveau Dictionnaire de géographie universelle de Vivien de Saint-Martin (III, Paris, 1887, p. 346) qualifiait ces chiffres d' «évidemment exagérés». Rien n'est moins « évident ». Ils concordent, pour l'effectif des principales confessions religieuses (Maronites, Grecs orthodoxes, Druses) avec ceux de N. Verney et G. Dambmann (p. 28-29 de l'ouvrage analysé dans Xe Bibl. 1900, n°514). -- L. Raveneau.' http://www.persee.fr/web/revues/home/prescript/article/geo_0003-4010_1914_bib_23_131_19144</subfield>
  </datafield>
  <datafield tag="651" ind1=" " ind2="0">
    <subfield code="a">Asia</subfield>
    <subfield code="z">Middle East</subfield>
    <subfield code="z">Lebanon</subfield>
    <subfield code="v">Maps.</subfield>
  </datafield>
  <datafield tag="700" ind1="1" ind2=" ">
    <subfield code="a">Schiebel, Erhard</subfield>
    <subfield code="e">, engraver.</subfield>
  </datafield>
  <datafield tag="913" ind1=" " ind2=" ">
    <subfield code="1">54</subfield>
    <subfield code="2">Publisher</subfield>
    <subfield code="5">Uncertain</subfield>
    <subfield code="6">Full</subfield>
  </datafield>
  <datafield tag="949" ind1=" " ind2=" ">
    <subfield code="a">MAPS 38-61-1</subfield>
  </datafield>
  <datafield tag="999" ind1=" " ind2=" ">
    <subfield code="a">MAP</subfield>
  </datafield>
</record>
